<?xml version="1.0" encoding="UTF-8"?><collection xmlns="http://www.loc.gov/MARC21/slim"><record><leader>00484nam--2200145-i-4500</leader><controlfield tag="001">000022980</controlfield><controlfield tag="002">20161230</controlfield><controlfield tag="005">20161230201034</controlfield><controlfield tag="008">060222s1000------------r-----000-0-eng-d</controlfield><datafield ind1=" " ind2=" " tag="080"><subfield code="a">547:539.143.43</subfield></datafield><datafield ind1=" " ind2=" " tag="100"><subfield code="a">Jackman, L.M.And Sternhell, S</subfield></datafield><datafield ind1=" " ind2=" " tag="245"><subfield code="a">Applications of nuclear magnetic resonance spectroscopy in organic chemistry. 2nd edition</subfield></datafield><datafield ind1=" " ind2=" " tag="260"><subfield code="a">Oxford, Pergamon Press, 1969, Xvi + 456 P</subfield></datafield><datafield ind1=" " ind2=" " tag="490"><subfield code="a">International Series Of Monographs In Organic Chemistry</subfield></datafield><datafield ind1=" " ind2=" " tag="852"><subfield code="a">33061</subfield></datafield></record></collection>